%%%%%%%%%%%%%%%%%%%%%%%%%%%%
% This code is to reduce the list of authors by using et. al:
% CTLuse_forced_etal is required to indicate that you actually want to shorten author lists.
% CTLmax_names_forced_etal Gives the maximum number of authors before it shortens the list. 
% CTLnames_show_etal Allows you to specify how many names will be given when it does shorten.
@IEEEtranBSTCTL{IEEEexample:BSTcontrol,
CTLuse_forced_etal       = "yes",
CTLdash_repeated_names = "no",
CTLmax_names_forced_etal = "3",
CTLnames_show_etal       = "2" }
%%%%%%%%%%%%%%%%%%%%%%%%%%%%

@article{wilhelmi2024machine,
  author={Wilhelmi, Francesc and Szott, Szymon and Kosek-Szott, Katarzyna and Bellalta, Boris},
  journal={IEEE Communications Magazine}, 
  title={{Machine Learning and Wi-Fi: Unveiling the Path Toward AI/ML-Native IEEE 802.11 Networks}}, 
  year={2024},
  volume={},
  number={},
  pages={1--7},
  doi={10.1109/MCOM.001.2400292}}

@inproceedings{haxhibeqiri2024coordinated,
  title={{Coordinated Spatial Reuse for WiFi Networks: A Centralized Approach}},
  author={Haxhibeqiri, Jetmir and Jiao, Xianjun and Shen, Xiaoman and Pan, Chun and Jiang, Xingfeng and Hoebeke, Jeroen and Moerman, Ingrid},
  booktitle={2024 IEEE 20th International Conference on Factory Communication Systems (WFCS)},
  pages={1--8},
  year={2024},
  organization={IEEE}
}

@article{imputato2024beyond,
  title={{Beyond Wi-Fi 7: Spatial reuse through multi-AP coordination}},
  author={Imputato, Pasquale and Avallone, Stefano and Smith, Malcolm and Nunez, David and Bellalta, Boris},
  journal={Computer Networks},
  volume={239},
  pages={110160},
  year={2024},
  publisher={Elsevier}
}

@article{bellalta2024towards,
  title={{Towards an AI/ML-defined Radio for Wi-Fi: Overview, Challenges, and Roadmap}},
  author={Bellalta, Boris and Kosek-Szott, Katarzyna and Szott, Szymon and Wilhelmi, Francesc},
  journal={arXiv preprint arXiv:2405.12675},
  year={2024}
}

@article{wilhelmi2020flexible,
  title={{A flexible machine-learning-aware architecture for future WLANs}},
  author={Wilhelmi, Francesc and Barrachina-Mu{\~n}oz, Sergio and Bellalta, Boris and Cano, Cristina and Jonsson, Anders and Ram, Vishnu},
  journal={IEEE Commun. Mag.},
  volume={58},
  number={3},
  pages={25--31},
  year={2020},
  publisher={IEEE}
}

@misc{aiml_tig_use_cases,
  title={{IEEE 802.11-22/0987r25, AIML TIG Technical Report Draft}},
  author={Wang, Xiaofei and Gan, Ming and Lin, Zinan and Yang, Rui},
  year={2023},
  url={https://mentor.ieee.org/802.11/dcn/22/11-22-0987-25-aiml-aiml-tig-technical-report-draft.doc},
note="Accessed on May 2, 2024"
}

@misc{uhr_sg,
  title={{Status of IEEE 802.11 Ultra High Reliability (UHR) SG}},
  author={{Laurent Cariou et al.}},
  year={2024},
  url={https://www.ieee802.org/11/Reports/uhr_update.htm}
}

@misc{mitchell1997machine,
  title={Machine learning},
  author={Mitchell, Tom M},
  year={1997},
  publisher={McGraw-hill}
}

@misc{RP221348,
  title={{3GPP TSG-RAN Meeting \#96. Revised SID: Study on Artificial Intelligence (AI)/Machine Learning (ML) for NR Air Interface.}},
  year={2022},
  url={https://www.3gpp.org/ftp/TSG_RAN/TSG_RAN/TSGR_96/Docs/RP-221348.zip}
}

@article{szott2022wi,
  title={{Wi-Fi meets ML: A survey on improving IEEE 802.11 performance with machine learning}},
  author={Szott, Szymon and Kosek-Szott, Katarzyna and Gaw{\l}owicz, Piotr and G{\'o}mez, Jorge Torres and Bellalta, Boris and Zubow, Anatolij and Dressler, Falko},
  journal={IEEE Communications Surveys \& Tutorials},
  volume={24},
  number={3},
  pages={1843--1893},
  year={2022},
  publisher={IEEE}
}

@article{wilhelmi2021spatial,
  title={{Spatial reuse in IEEE 802.11 ax WLANs}},
  author={Wilhelmi, Francesc and Barrachina-Mu{\~n}oz, Sergio and Cano, Cristina and Selinis, Ioannis and Bellalta, Boris},
  journal={Computer Communications},
  volume={170},
  pages={65--83},
  year={2021},
  publisher={Elsevier}
} %

@article{wilhelmi2019potential,
  title={{Potential and pitfalls of multi-armed bandits for decentralized spatial reuse in WLANs}},
  author={Wilhelmi, Francesc and Barrachina-Munoz, Sergio and Bellalta, Boris and Cano, Cristina and Jonsson, Anders and Neu, Gergely},
  journal={JNCA},
  volume={127},
  pages={26--42},
  year={2019},
  publisher={Elsevier}
} %

@article{wilhelmi2021usage,
  title={{Usage of network simulators in machine-learning-assisted 5G/6G networks}},
  author={Wilhelmi, Francesc and Carrascosa, Marc and Cano, Cristina and Jonsson, Anders and Ram, Vishnu and Bellalta, Boris},
  journal={IEEE Wireless Commun.},
  volume={28},
  number={1},
  pages={160--166},
  year={2021},
  publisher={IEEE}
} %

@article{leslie2019understanding,
  title={Understanding artificial intelligence ethics and safety},
  author={Leslie, David},
  journal={arXiv preprint arXiv:1906.05684},
  year={2019},
note="Accessed on May 2, 2024"
}

@article{ouyang2021next,
  title={{The next decade of telecommunications artificial intelligence}},
  author={Ouyang, Ye and Wang, Lilei and Yang, Aidong and Shah, Maulik and Belanger, David and Gao, Tongqing and Wei, Leping and Zhang, Yaqin},
  journal={arXiv preprint arXiv:2101.09163},
  year={2021},
note="Accessed on May 2, 2024"
}

@article{shehzad2022artificial,
  title={{Artificial intelligence for 6G networks: Technology advancement and standardization}},
  author={Shehzad, Muhammad K and Rose, Luca and Butt, M Majid and Kovacs, Istvan Z and Assaad, Mohamad and Guizani, Mohsen},
  journal={IEEE Veh. Technol. Mag.},
  volume={17},
  number={3},
  pages={16--25},
  year={2022},
  publisher={IEEE}
}

@article{bariah2024large,
  title={Large generative ai models for telecom: The next big thing?},
  author={Bariah, Lina and Zhao, Qiyang and Zou, Hang and Tian, Yu and Bader, Faouzi and Debbah, Merouane},
  journal={IEEE Commun. Mag.},
  year={2024},
  publisher={IEEE}
}

@article{rial2023role,
  title={{The Role of AI in 6G MAC}},
  author={Valcarce, Alvaro and Kela, Petteri and Mandelli, Silvio and Viswanathan, Harish},
  journal={Authorea Preprints},
  year={2023},
  publisher={Authorea}
}

@article{lin2024overview,
  title={{An Overview of AI in 3GPPâ€™s RAN Release 18: Enhancing Next-Generation Connectivity?}},
  author={Lin, Xingqin},
  journal={Global Communications},
  volume={2024},
  year={2024}
}

@article{viswanathan2020communications,
  title={{Communications in the 6G era}},
  author={Viswanathan, Harish and Mogensen, Preben E},
  journal={IEEE Access},
  volume={8},
  pages={57063--57074},
  year={2020},
  publisher={IEEE}
}

@article{nunez2024spatial,
  title={{Spatial Reuse in IEEE 802.11 bn Coordinated Multi-AP WLANs: A Throughput Analysis}},
  author={Nunez, David and Wilhelmi, Francesc and Galati-Giordano, Lorenzo and Geraci, Giovanni and Bellalta, Boris},
  journal={arXiv preprint arXiv:2407.16390},
  year={2024}
}

@inproceedings{wilhelmi2023throughput,
  title={{Throughput Analysis of IEEE 802.11 bn Coordinated Spatial Reuse}},
  author={Wilhelmi, Francesc and Galati-Giordano, Lorenzo and Geraci, Giovanni and Bellalta, Boris and Fontanesi, Gianluca and Nu{\~n}ez, David},
  booktitle={2023 IEEE Conference on Standards for Communications and Networking (CSCN)},
  pages={401--407},
  year={2023},
  organization={IEEE}
}

@article{wilhelmi2019collaborative,
  title={{Collaborative spatial reuse in wireless networks via selfish multi-armed bandits}},
  author={Wilhelmi, Francesc and Cano, Cristina and Neu, Gergely and Bellalta, Boris and Jonsson, Anders and Barrachina-Mu{\~n}oz, Sergio},
  journal={Ad Hoc Networks},
  volume={88},
  pages={129--141},
  year={2019},
  publisher={Elsevier}
}

@inproceedings{barrachina2019komondor,
  title={{Komondor: A wireless network simulator for next-generation high-density WLANs}},
  author={Barrachina-Munoz, Sergio and Wilhelmi, Francesc and Selinis, Ioannis and Bellalta, Boris},
  booktitle={2019 Wireless Days (WD)},
  pages={1--8},
  year={2019},
  organization={IEEE}
}

@article{thompson1933likelihood,
  title={{On the likelihood that one unknown probability exceeds another in view of the evidence of two samples}},
  author={Thompson, William R},
  journal={Biometrika},
  volume={25},
  number={3-4},
  pages={285--294},
  year={1933},
  publisher={Oxford University Press}
}

@misc{auer2002finite,
  title={{Finite-time Analysis of the Multiarmed Bandit Problem}},
  author={Auer, P},
  year={2002},
  publisher={Kluwer Academic Publishers}
}

@article{wojnar2024reinforced,
  title={{Reinforced-lib: Rapid prototyping of reinforcement learning solutions}},
  author={Wojnar, Maksymilian and Szott, Szymon and Rusek, Krzysztof and Ciezobka, Wojciech},
  journal={SoftwareX},
  volume={26},
  pages={101706},
  year={2024},
  publisher={Elsevier}
}

@article{reshef2022future,
  title={{Future directions for Wi-Fi 8 and beyond}},
  author={Reshef, Ehud and Cordeiro, Carlos},
  journal={IEEE Communications Magazine},
  volume={60},
  number={10},
  pages={50--55},
  year={2022},
  publisher={IEEE}
}

@article{galati2024will,
  title={{What will Wi-Fi 8 be? A primer on IEEE 802.11 bn ultra high reliability}},
  author={Galati-Giordano, Lorenzo and Geraci, Giovanni and Carrascosa, Marc and Bellalta, Boris},
  journal={IEEE Communications Magazine},
  volume={62},
  number={8},
  pages={126--132},
  year={2024},
  publisher={IEEE}
}

@article{verma2024survey,
  author={Verma, Shikhar and Rodrigues, Tiago Koketsu and Kawamoto, Yuichi and Fouda, Mostafa M. and Kato, Nei},
  journal={IEEE Communications Surveys \& Tutorials}, 
  title={A Survey on Multi-AP Coordination Approaches Over Emerging WLANs: Future Directions and Open Challenges}, 
  year={2024},
  volume={26},
  number={2},
  pages={858-889}, doi={10.1109/COMST.2023.3344167}}
  
@inproceedings{nunez2022txop,
  title={{TXOP sharing with coordinated spatial reuse in multi-AP cooperative IEEE 802.11be WLANs}},
  author={Nunez, David and Wilhelmi, Francesc and Avallone, Stefano and Smith, Malcolm and Bellalta, Boris},
  booktitle={2022 IEEE 19th Annual Consumer Communications \& Networking Conference (CCNC)},
  pages={864--870},
  year={2022},
  organization={IEEE}
}

@article{nunez2023multi,
  title={{Multi-AP Coordinated Spatial Reuse for Wi-Fi 8: Group Creation and Scheduling}},
  author={Nunez, David and Smith, Malcom and Bellalta, Boris},
  journal={arXiv preprint arXiv:2305.04846},
  year={2023}
}

@inproceedings{talukder2023enhanced,
  title={{Enhanced Coordinated Spatial Reuse: Bidirectional Multiple AP Coordination for IEEE 802.11 be}},
  author={Talukder, Munmun and Xie, Jiang},
  booktitle={ICC 2023-IEEE International Conference on Communications},
  pages={660--665},
  year={2023},
  organization={IEEE}
}

@article{haxhibeqiri2024commag,
  title={{Coordinated SR and Restricted TWT for Time Sensitive Applications in WiFi 7 Networks}},
  author={Haxhibeqiri, Jetmir and Jiao, Xianjun and Shen, Xiaoman and Pan, Chun and Jiang, Xingfeng and Hoebeke, Jeroen and Moerman, Ingrid},
  journal={IEEE Communications Magazine},
  volume={62},
  number={8},
  pages={118--124},
  year={2024},
  publisher={IEEE}
}

@article{verma2023survey,
  title={{A survey on Multi-AP coordination approaches over emerging WLANs: Future directions and open challenges}},
  author={Verma, Shikhar and Rodrigues, Tiago Koketsu and Kawamoto, Yuichi and Fouda, Mostafa M and Kato, Nei},
  journal={IEEE Communications Surveys \& Tutorials},
  year={2023},
  publisher={IEEE}
}

@article{barrachina2021multi,
  title={{Multi-armed bandits for spectrum allocation in multi-agent channel bonding WLANs}},
  author={Barrachina-Mu{\~n}oz, Sergio and Chiumento, Alessandro and Bellalta, Boris},
  journal={IEEE Access},
  volume={9},
  pages={133472--133490},
  year={2021},
  publisher={IEEE}
}

@misc{aiml_mapc_mabs,
  title={{IEEE 802.11-24/0630r1, MAPC C-SR Scheduling with Multi-Armed Bandits}},
  author={Szott, Szymon and Wojnar, Maksymilian and Ciezobka, Wojciech and Kosek-Szott, Katarzyna and Rusek Kryzsztof and NuÃ±ez, David and Bellalta, Boris},
  year={2024},
  url={https://mentor.ieee.org/802.11/dcn/24/11-24-0630-01-aiml-mapc-c-sr-scheduling-with-multi-armed-bandits.pptx},
note="Accessed on November 18, 2024"
}